% Encoding: UTF-8

% done: BH
@Misc{anderson-c-2008--a,
  author = {Anderson, C},
  title  = {The End of Theory: The Data Deluge Makes the Scientific Method Obsolete},
  year   = {2008},
}

% done: BH
@Book{baader-f-2010--a,
  author                   = {Baader, Franz and Calvanese, Diego and Mcguinness, Deborah L and Nardi, Daniele},
  title                    = {The Description Logic Handbook: Theory, Implementation and Applications},
  publisher                = {Cambridge University Press},
  year                     = {2010},
  address                  = {Cambridge, UK},
}

% done: BH
@Article{baumann-r-2014-171-a,
  title                    = {Axiomatic theories of the ontology of time in {GFO}},
  author                   = {Baumann, Ringo and Loebe, Frank and Herre, Heinrich},
  journal                  = {Applied Ontology},
  number                   = {3-4},
  pages                    = {171{--}215},
  volume                   = {9},
  year                     = {2014},
  doi                      = {10.3233/AO-140136},
  timestamp                = {2021.12.16},
}

% done: BH
@InProceedings{baumann-r-2016-53-a,
  author    = {Baumann, Ringo and Loebe, Frank and Herre, Heinrich},
  title     = {Towards an Ontology of Space for {GFO}},
  booktitle = {Formal Ontology in Information Systems: Proceedings of the 9th International Conference, FOIS 2016, Annecy, France, Jul 6{--}9},
  year      = {2016},
  editor    = {Ferrario, Roberta and Kuhn, Werner},
  volume    = {283},
  series    = {Frontiers in Artificial Intelligence and Applications},
  pages     = {53{--}66},
  address   = {Amsterdam},
  publisher = {IOS Press},
  doi       = {10.3233/978-1-61499-660-6-53},
  timestamp = {2017.03.31},
}

@InProceedings{baumann-r-2019--a,
  author    = {Baumann, Ringo and Herre, Heinrich and Loebe, Frank},
  title     = {Properties Defined on the Basis of Coincidence in {GFO}-{S}pace},
  booktitle = {JOWO 2019 -- The Joint Ontology Workshops, Proceedings -- Episode V: The Styrian Autumn of Ontology, Graz, Austria, Sep 23-25},
  year      = {2019},
  editor    = {Barton, Adrien Barton and Seppälä, Selja and Porello, Daniele},
  volume    = {2518},
  series    = {CEUR Workshop Proceedings},
  address   = {Aachen, Germany},
  publisher = {CEUR-WS.org},
  note      = {section "Workshop on Foundational Ontology (FOUST III)"},
  file      = {:b/baumann/baumann-r-2019--a.pdf:PDF},
  keywords  = {GFO, GFO-Space, Continuousness},
  timestamp = {2020-01-16},
  url       = {http://ceur-ws.org/Vol-2518/paper-FOUST3.pdf},
}

% done: BH
@Book{bergmann-g-1967--a,
  author    = {Bergmann, Gustav},
  publisher = {University of Madison Press},
  title     = {Realism: A Critique of Brentano and Meinong},
  year      = {1967},
  address   = {Madison, USA},
  timestamp = {2021.12.16},
}

% done: BH
@Book{biddle-b-1979--a,
  title                    = {Role Theory. Expectations, Identities, and Behaviours},
  author                   = {Biddle, Bruce J.},
  publisher                = {Academic Press},
  year                     = {1979},
  address                  = {New York},
  timestamp                = {02.05.2005}
}

% done? BH
@Proceedings{borgo-s-2008--a,
  title                    = {Formal Ontologies Meet Industry: Proceedings of the 3rd International Workshop, FOMI 2008, Turin, Italy, Jun 5-6},
  year                     = {2008},
  address                  = {Amsterdam},
  editor                   = {Borgo, Stefano and Lesmo, Leonardo},
  publisher                = {IOS Press},
  series                   = {Frontiers in Artificial Intelligence},
  volume                   = {174},
  timestamp                = {2009.02.09},
}

% TODO!!!!!!!!!!!!!!!!!!!!!!!!!!!!!!!!!!!!!!!!!!!!!!!!!!!!!!!!!!!!!!!!!!!!!!!!!!!!!!!!!!!!!
@Book{brentano-f-1976--a,
  title                    = {Philosophische Untersuchungen zu Raum, Zeit und Kontinuum},
  author                   = {Brentano, Franz},
  year                     = {1976},
  editor                   = {Chisholm, Körner},
  publisher                = {Felix Meiner Verlag},
  doi                      = {10.28937/978-3-7873-2582-5},
}

%todo
@InBook{burek-p-2004-1-a,
  author    = {Burek, Patryk},
  pages     = {1--10},
  publisher = {Springer},
  title     = {Adoption of the classical theory of definition to ontology modeling},
  year      = {2004},
  address   = {Varna, Bulgaria; Berlin},
  series    = {Lecture Notes in Artificial Intelligence},
  volume    = {3192},
  booktitle = {11th International Conference AIMSA 2004 - Artificial Intelligence: Methodology, Systems, and Applications},
  timestamp = {2021.12.16}
}

% done: BH
@InProceedings{burek-p-2005-880-a,
  author    = {Burek, Patryk},
  booktitle = {Knowledge-Based Intelligent Information and Engineering Systems: Proceedings of the 9th International Conference, {KES 2005}, Melbourne, Australia, Sep 14-16: Part II},
  title     = {Essentialized Conceptual Structures in Ontology Modeling},
  year      = {2005},
  address   = {Berlin},
  editor    = {Khosla, Rajiv and Howlett, Robert J. and Jain, Lakhmi C.},
  pages     = {880{--}886},
  publisher = {Springer},
  series    = {LNCS},
  volume    = {3682},
  timestamp = {2016.04.28},
}

% done: BH
@PhdThesis{burek-p-2007--a,
  title                    = {Ontology of Functions: A Domain-Independent Framework for Modeling Functions},
  author                   = {Burek, Patryk},
  school                   = {Faculty of Mathematics and Informatics, University of Leipzig},
  year                     = {2007},
  address                  = {Leipzig, Germany},
  type                     = {{PhD} Thesis},
  timestamp                = {2008.08.15}
}

% done: BH
@InProceedings{burek-p-2009-428-a,
  author          = {Burek, Patryk and Herre, Heinrich and Loebe, Frank},
  booktitle       = {New Trends in Software Methodologies, Tools and Techniques: Proceedings of the 8th International Conference on Software Methodologies, Tools and Techniques, SOMET 2009, Prague, Czech Republic, Sep 23-25},
  title           = {Ontological Analysis of Functional Decomposition},
  year            = {2009},
  address         = {Amsterdam},
  editor          = {Fujita, Hamido and Ma{\v{r}\'i}k, Vladim{\'i}r},
  pages           = {428{--}439},
  publisher       = {IOS Press},
  series          = {Frontiers in Artificial Intelligence and Applications},
  volume          = {199},
  doi             = {10.3233/978-1-60750-049-0-428},
  timestamp       = {2009.07.28},
}

% done: BH
@Article{burek-p-2016-155-a,
  title                    = {{FueL}: Representing function structure and function dependencies with a {UML} profile for function modeling},
  author                   = {Burek, Patryk and Loebe, Frank and Herre, Heinrich},
  journal                  = {Applied Ontology},
  number                   = {2},
  pages                    = {155{--}203},
  volume                   = {11},
  year                     = {2016},

  doi                      = {10.3233/AO-160167},
  timestamp                = {2021.12.16},
}

% done: BH
@Article{burek-p-2017--a,
  author  = {Burek, [},
  journal = {Journal of Biomedical Semantics},
  title   = {Towards refactoring the Molecular Function Ontology with a UML profile for function modeling},
  year    = {2017},
  number  = {48},
  volume  = {8},
  timestamp = {2021.12.16},
}

% done: BH
@Article{burek-p-2019-784-a,
  author  = {Burek, [},
  journal = {Procedia Computer Science},
  title   = {A pattern-based approach to a cell tracking ontology},
  year    = {2019},
  pages   = {784--793},
  volume  = {159},
  timestamp = {2021.12.16},
}

% done: BH, FL
@Article{burek-p-2019--a,
  author  = {Burek, Patryk and Scherf, Nico and Herre, Heinrich},
  journal = {Journal of Biomedical Semantics},
  title   = {Ontology patterns for the representation of quality changes of cells in time},
  year    = {2019},
  number  = {16},
  volume  = {10},
	doi     = {10.1186/s13326-019-0206-4},
  timestamp = {2021.12.16},
}

% done: BH
@Article{burek-p-2020-1053-a,
  author  = {Burek, P and Herre, H},
  journal = {Procedia Computer Science},
  title   = {A lightweight approach to the multi-perspective modeling of processes and objects},
  year    = {2020},
  pages   = {1053--1062},
  volume  = {176},
  timestamp = {2021.12.16},
}

% done: BH
@InProceedings{burek-p-2020-32-a,
  author    = {Burek, Patryk},
  title     = {Towards GFO 2.0: Architecture, Modules and Applications},
  year      = {2020},
  address   = {Amsterdam},
  editor    = {Brodaric B, Neuhaus F},
  pages     = {32--45},
  publisher = {IOS Press},
  volume    = {330},
  date      = {2020},
  series   = {Frontiers in Artificial Intelligence and Applications},
  booktitle = {Formal Ontology in Information Systems, Proceedings of the 11th International Conference, FOIS 2020},
}

% done: BH
@InProceedings{burek-p-2020-194-a,
  author    = {Burek, Patryk},
  booktitle = {Keet CM, Dumontier M: Knowledge Engineering and Knowledge Management: 22nd International Conference},
  title     = {On the Formal Representation and Annotation of Cellular Genealogies},
  year      = {2020},
  address   = {Bolzano, Italy; Cham},
  pages     = {194--214},
  publisher = {Springer},
  series    = {Proceedings. Lecture Notes in Computer Science},
  volume    = {2020},
  timestamp = {2021.12.16}
}

@InProceedings{burek-p-2021-1021-a,
  author    = {Patryk Burek and Frank Loebe and Heinrich Herre},
  booktitle = {Knowledge-Based and Intelligent Information {\&} Engineering Systems: Proceedings of the 25th International Conference, KES 2021, Virtual {Event~/} Szczecin, Poland, Sep 8-10},
  title     = {Overview of {GFO} 2.0 {F}unctions: {A}n ontology module for representing teleological knowledge},
  year      = {2021},
  editor    = {Watr{\'{o}}bski, Jaroslaw and Salabun, Wojciech and Toro, Carlos and Zanni{-}Merk, Cecilia and Howlett, Robert J. and Jain, Lakhmi C.},
  pages     = {1021{--}1030},
  publisher = {Elsevier},
  series    = {Procedia Computer Science},
  volume    = {192},
  doi       = {10.1016/j.procs.2021.08.105},
  timestamp = {2021-12-22},
}

% done? BH
@InCollection{cocchiarella-n-1991-640-a,
  title                    = {Formal Ontology},
  author                   = {Cocchiarella, Nino B.},
  booktitle                = {Handbook of Metaphysics and Ontology},
  publisher                = {Philosophia Verlag},
  year                     = {1991},
  address                  = {Munich},
  editor                   = {Burkhardt, Hans and Smith, Barry},
  pages                    = {640{--}647},
  timestamp                = {2021.12.16}
}

% done: BH
@InProceedings{degen-w-2001-34-a,
  title                    = {{GOL}: {A} {G}eneral {O}ntological {L}anguage},
  author                   = {Degen, Wolfgang and Heller, Barbara and Herre, Heinrich and Smith, Barry},
  booktitle                = {Formal Ontology in Information Systems: Collected Papers from the Second International Conference, FOIS 2001, Ogunquit, Maine, USA, Oct 17-19},
  year                     = {2001},
  address                  = {New York},
  editor                   = {Christopher Welty and Barry Smith},
  pages                    = {34{--}46},
  publisher                = {ACM Press},
  timestamp                = {2021.12.16}
}

% done: BH
@Book{feyerabend-p-1976--a,
  author    = {Feyerabend, Paul},
  publisher = {Suhrkamp},
  title     = {Wider den Methodenzwang},
  year      = {1976},
  address   = {Frankfurt am Main, Germany},
  timestamp = {2021.12.16}
}

% done: BH
@Book{feyerabend-p-1979--a,
  author    = {Feyerabend, Paul},
  publisher = {Suhrkamp},
  title     = {Erkenntnis für freie Menschen},
  year      = {1979},
  address   = {Frankfurt am Main, Germany},
  timestamp = {2021.12.16}
}

% done: BH
@Article{galton-a-2009-71-a,
  author  = {Galton and Mizoguchi ; Galton, A and Mizoguchi, R},
  journal = {Applied Ontology},
  title   = {The water falls but the waterfall does not fall: New perspectives on objects, processes and events},
  year    = {2009},
  number  = {2},
  pages   = {71--107},
  volume  = {4},
  timestamp = {2021.12.16},
}

% done: BH
@Book{gracia-j-1999--a,
  title                    = {Metaphysics and Its Tasks: The Search for the Categorial Foundation of Knowledge},
  author                   = {Gracia, Jorge J. E.},
  publisher                = {State University of New York Press},
  year                     = {1999},
  address                  = {Albany, New York},
  series                   = {SUNY series in Philosophy},
  timestamp                = {12.12.2003},
}

% done: BH
@Article{grenon-p-2003-69-a,
  title                    = {SNAP and SPAN: Prolegomenon to Geodynamic Ontology},
  author                   = {Grenon, Pierre and Smith, Barry},
  journal                  = {Spatial Cognition and Computation},
  number                   = {1},
  pages                    = {69{--}104},
  volume                   = {4},
  year                     = {2003},
  doi                      = {10.1207/s15427633scc0401_5},
  timestamp                = {2021.12.16},
}

% done: BH
@Article{gruber-t-1993-199-a,
  title                    = {A Translation Approach to Portable Ontology Specifications},
  author                   = {Gruber, Thomas R.},
  journal                  = {Knowledge Acquisition},
  number                   = {2},
  pages                    = {199{--}220},
  volume                   = {5},
  year                     = {1993},
  doi                      = {10.1006/knac.1993.1008},
  timestamp                = {2021.12.16},
}

% done: BH
@Book{hamming-r-1997--a,
  author    = {Hamming, Richard Wesley},
  publisher = {Gordon and Breach Science Publishers},
  title     = {The Art of Doing Science and Engineering: Learning to Learn},
  year      = {1997},
  address   = {Amsterdam},
  timestamp = {2021.12.16},
}

% done: BH
@Book{hartmann-n-1964--a,
  title                    = {Der Aufbau der realen Welt: Grundri{\ss} der allgemeinen Kategorienlehre},
  author                   = {Hartmann, Nicolai},
  publisher                = {De Gruyter},
  year                     = {1964},
  address                  = {Berlin},
  timestamp                = {2014.11.16},
}

% done: FL
@Book{hastings-j-2021--a,
  editor  = {Hastings, Janna and Loebe, Frank},
  title   = {ICBO|ODLS 2020, Proceedings of the 11th International Conference on Biomedical Ontologies (ICBO) joint with the 10th Workshop on Ontologies and Data in Life Sciences (ODLS) and part of the Bolzano Summer of Knowledge (BoSK 2020), Bolzano, Italy, Sep 17},
  year    = {2021},
  series  = {CEUR Workshop Proceedings},
  volume  = {2807},
  address = {Aachen, Germany},
  publisher = {CEUR-WS.org},
  timestamp = {2021.12.16},
}

% done: BH
@InProceedings{herre-h-2005-1398-a,
  title                    = {A Meta-ontological Architecture for Foundational Ontologies},
  author                   = {Herre, Heinrich and Loebe, Frank},
  booktitle                = {On the Move to Meaningful Internet Systems 2005: {CoopIS}, {DOA}, and {ODBASE}: Proceedings of the {OTM} Confederated International Conferences, {CoopIS}, {DOA}, and {ODBASE} 2005, {A}gia {N}apa, {C}yprus, {O}ct 31 - {N}ov 4, 2005 (Part {II})},
  year                     = {2005},

  address                  = {Berlin},
  editor                   = {Robert Meersman and Zahir Tari},
  pages                    = {1398{--}1415},
  publisher                = {Springer},
  series                   = {Lecture Notes in Computer Science},
  volume                   = {3761},
  doi                      = {10.1007/11575801_29},
  timestamp                = {12.10.2005},
}

% done: BH
@Article{herre-h-2006-107-a,
  author      = {Herre, Heinrich and Heller, Barbara},
  journal     = {Journal of Knowledge-Based Systems},
  number      = {2},
  pages       = {107{--}115},
  title       = {Semantic Foundations of Medical Information Systems Based on Top-Level Ontologies},
  volume      = {19},
  year        = {2006},
  doi         = {10.1016/j.knosys.2005.10.002},
  timestamp   = {2021.12.16},
}

% done? BH
@TechReport{herre-h-2006--a,
  author      = {Heinrich Herre and Barbara Heller and Patryk Burek and Robert Hoehndorf and Frank Loebe and Hannes Michalek},
  title       = {{G}eneral {F}ormal {O}ntology ({GFO}) -- {A} Foundational Ontology Integrating Objects and Processes [{V}ersion 1.0]},
  institution = {Research Group Ontologies in Medicine, Institute of Medical Informatics, Statistics and Epidemiology, University of Leipzig},
  year        = {2006},
  type        = {Onto-Med Report},
  number      = {8},
  address     = {Leipzig, Germany},
  timestamp   = {26.05.2006},
}

% done? BH
@TechReport{herre-h-2007--a,
  title                    = {{G}eneral {F}ormal {O}ntology ({GFO}) -- {A} Foundational Ontology Integrating Objects and Processes [{V}ersion 1.0.1]},
  author                   = {Heinrich Herre and Barbara Heller and Patryk Burek and Robert Hoehndorf and Frank Loebe and Hannes Michalek},
  institution              = {Research Group Ontologies in Medicine, Institute of Medical Informatics, Statistics and Epidemiology, University of Leipzig},
  year                     = {2007},
  address                  = {Germany, Germany},
  timestamp                = {26.05.2006},
}

% done? BH
@InCollection{herre-h-2010-297-a,
  title                    = {{G}eneral {F}ormal {O}ntology {(GFO)}: A Foundational Ontology for Conceptual Modelling},
  author                   = {Herre, Heinrich},
  booktitle                = {Theory and Applications of Ontology: Computer Applications},
  publisher                = {Springer},
  year                     = {2010},
  address                  = {Heidelberg},
  chapter                  = {14},
  editor                   = {Poli, Roberto and Healy, Michael and Kameas, Achilles},
  pages                    = {297{--}345},
  doi                      = {10.1007/978-90-481-8847-5_14},
  timestamp                = {2010.10.13}
}

% done: BH
@Article{herre-h-2013-332-a,
  author = {Herre, Heinrich},
  title  = {Formal Ontology and the Foundation of Knowledge Organization},
  year   = {2013},
  journal = {Knowledge Organization},
  number = {5},
  pages  = {332--339},
  volume = {40},
  timestamp = {2021.12.16},
}

% done: FL
@InProceedings{herre-h-2015-375-a,
  author    = {Herre, Heinrich},
  title     = {Formal Ontology {--} A New Discipline Between Philosophy, Formal Logic, and Artificial Intelligence},
  year      = {2015},
  editor    = {Fuchs-Kittowski, Klaus and Zimmerman, Rainer E.},
  booktitle = {Kybernetik, Logik, Semiotik. Philosophische Sichtweisen. Tagung aus Anlass des 100. Geburtstages von Georg Klaus},
  pages     = {375{--}389},
  series    = {Abhandlungen der Leibniz-Sozietät der Wissenschaften},
  volume    = {40},
  address   = {Berlin},
  publisher = {trafo Wissenschaftsverlag},
  timestamp = {2017.02.09},
}

% done: FL
@InCollection{herre-h-2015-337-a,
  author                   = {Herre, Heinrich},
  title                    = {Persistence, Change, and the Integration of Objects and Processes in {GFO}},
  year                     = {2015},
  editor                   = {Petrov, Vesselin and Scarfe, Adam C.},
  booktitle                = {Dynamic Being: Essays in Process-Relational Ontology},
  chapter                  = {17},
  pages                    = {337{--}354},
  series                   = {European Studies in Process Thought},
  volume                   = {2},
  address                  = {Cambridge, UK},
  publisher                = {Cambridge Scholar Publishing},
  timestamp                = {2016.02.15}
}

% done: FL
@InCollection{herre-h-2016--a,
  author    = {Herre, Heinrich},
  title     = {GFO-Data -- Towards an Ontological Foundation of Integrated Data Semantics},
  year      = {2016},
  editor    = {Fuchs-Kittowski F, Kriesel W},
  booktitle = {Informatik und Gesellschaft: Festschrift zum 80. Geburtstag von Klaus Fuchs-Kittowski. Frankfurt am Main},
  address   = {Germany},
  publisher = {Peter Lang Internationaler Verlag der Wissenschaften},
  timestamp = {2021.12.16}
}

% done: FL
@InCollection{herre-h-2019-194-a,
  author    = {Herre, Heinrich},
  title     = {Towards a New Foundational Ontology of Properties, Attributives and Data},
  year      = {2019},
  editor    = {Borgo, Stefano and Ferrario, Roberta and Masolo, Claudio and Vieu, Laure},
  booktitle = {Ontology makes sense: Essays in honor of Nicola Guarino},
  pages     = {194{--}210},
  series    = {Frontiers in Artificial Intelligence and Applications},
  volume    = {316},
  address   = {Amsterdam},
  publisher = {IOS Press},
  doi       = {10.3233/978-1-61499-955-3-194},
  timestamp = {2021.12.18},
}

    %(Herre Ontology of data [2019-10] Heinrich Herre in: , in: Ontology makes sense , eds.S. Borgeo, R. Ferrario, C. Masolo, L.Vieu  IOS-Press ISBN 978-1-61499-954-6,  p.194-210)

% done: BH
@Article{hilbert-d-1918-405-a,
  title                    = {{A}xiomatisches {D}enken},
  author                   = {David Hilbert},
  journal                  = {Mathematische Annalen},
  pages                    = {405{--}415},
  volume                   = {78},
  year                     = {1918},
  timestamp                = {2021.12.16},
}

% done: BH
@Article{hoehndorf-r-2008-219-a,
  title                    = {{GFO-Bio}: A biological core ontology},
  author                   = {Hoehndorf, Robert and Loebe, Frank and Poli, Roberto and Herre, Heinrich and Kelso, Janet},
  journal                  = {Applied Ontology},
  number                   = {4},
  pages                    = {219{--}227},
  volume                   = {3},
  year                     = {2008},
  doi                      = {10.3233/AO-2008-0055},
  timestamp                = {2007.11.22},
}

%todo: booktitle
@InProceedings{hoehndorf-r-2009-399-a,
  author    = {Hoehndorf, Robert},
  title     = {Developing Consistent and Modular Software Models with Ontologies},
  year      = {2009},
  booktitle = {},
  address   = {Prague, Czech Republic; Amsterdam},
  editor    = {Fujita H, Marik V},
  pages     = {399--412},
  publisher = {IOS Press},
  volume    = {199},
  series    = {Frontiers in Artificial Intelligence and Applications},
}

% done: BH, FL
@Book{ingarden-r-19xx--a,
  title                    = {{D}er {S}treit um die {E}xistenz der {W}elt},
  author                   = {Ingarden, Roman},
  publisher                = {Niemeyer Verlag},
  year                     = {1964/65/74},
  address                  = {T{\"u}bingen, Germany},
  timestamp                = {2009.03.31}
}

% done: FL
@TechReport{iso-tc184sc4-2003--a,
  title                    = {Industrial automation systems and integration {---} Integration of life-cycle data for process plants including oil and gas production facilities {---} Part 2: Data model},
  author                   = {{ISO TC 184 SC~4}},
  institution              = {ISO TC184: Automation systems and integration, SC4: Industrial data},
  year                     = {2003},
  number                   = {15926-2},
  type                     = {{ISO/FDIS} Standard},
}

@book{jaenich-k-2013--a,
  title={Topologie},
  author={J{\"a}nich, K.},
  isbn={9783662105740},
  series={Springer-Lehrbuch},
  url={https://books.google.gl/books?id=J9GyBgAAQBAJ},
  year={2013},
  publisher={Springer Berlin Heidelberg}
}

% done: BH
@Book{johansson-i-1989--a,
  title                    = {Ontological Investigations: An Inquiry into the Categories of Nature, Man and Society},
  author                   = {Johansson, Ingvar},
  publisher                = {Routledge},
  year                     = {1989},
  address                  = {New York},
  timestamp                = {2021.12.16},
}

% done? BH
@TechReport{loebe-f-2003--a,
  title                    = {An Analysis of Roles: Towards Ontology-Based Modelling},
  author                   = {Loebe, Frank},
  institution              = {Research Group Ontologies in Medicine, University of Leipzig},
  year                     = {2003},
  note                     = {Diplomarbeit (akin to Master's Thesis)},
  number                   = {6},
  type                     = {Onto-Med Report},
  school                   = {Institute of Computer Science, University of Leipzig},
  timestamp                = {2021.12.16}
}

% done: BH
@Article{loebe-f-2007-127-a,
  author    = {Loebe, Frank},
  journal   = {Applied Ontology},
  number    = {2},
  pages     = {127{--}158},
  title     = {Abstract {vs.\ }social roles {--} {T}owards a general theoretical account of roles},
  volume    = {2},
  year      = {2007},
  timestamp = {18.09.2007},
}

% done: BH
@PhdThesis{loebe-f-2015--a,
  title                    = {Ontological Semantics: An Attempt at Foundations of Ontology Representation},
  author                   = {Loebe, Frank},
  school                   = {University of Leipzig},
  year                     = {2015},
  address                  = {Leipzig, Germany},
  type                     = {{PhD} {T}hesis},
  timestamp                = {2016.04.27},
}

% done : BH
@InProceedings{loebe-f-2018--a,
  author    = {Loebe, Frank},
  title     = {Towards an Ontology of Categories and Relations},
  year      = {2018},
  address   = {Aachen, Germany},
  editor    = {Sanfilippo, Emilio M. and
	             Kutz, Oliver and
							 Troquard, Nicolas and
							 Hahmann, Torsten and
							 Masolo, Claudio and
							 Hoehndorf, Robert and
							 Vita, Randi},
  booktitle = {Proceedings of the Joint Ontology Workshops 2018 (JOWO 2018),
	             Episode IV: The South African Spring,
							(part: Sixth International Workshop on Ontologies and Conceptual Modeling (Onto.Com)),
               Cape Town, South Africa, Sep 17-18},
  publisher = {CEUR Workshop Proceedings},
  volume    = {2205},
	timestamp = {2021.12.13},
}

% done: FL
@InProceedings{loebe-f-2021--a,
  author    = {Loebe, Frank and Burek, Patryk and Herre, Heinrich},
  title     = {Developing GFO 2.0 Further – Initiating the Modules of Space and Material Objects},
  year      = {2021},
  booktitle = {JOWO 2021, Proceedings of the Joint Ontology Workshops 2021, Episode VII: The Bolzano Summer of Knowledge, Bolzano, Italy, Sep 11-18},
  editor    = {Sanfilippo, Emilio M. and
	             Kutz, Oliver and
							 Troquard, Nicolas and
							 Hahmann, Torsten and
							 Masolo, Claudio and
							 Hoehndorf, Robert and
							 Vita, Randi},
  series    = {CEUR Workshop Proceedings},
  volume    = {2969},
	address   = {Aachen, Germany},
  publisher = {CEUR-WS.org},
	timestamp = {2021.12.09},
}

@book{manetti-m-2015--a,
  title={Topology},
  author={Manetti, M.},
  isbn={9783319169583},
  series={UNITEXT},
  url={https://books.google.de/books?id=89zyCQAAQBAJ},
  year={2015},
  publisher={Springer International Publishing}
}

% done: BH, FL
@InBook{margolis-e-1999-3-a,
  author    = {Margolis, E. and Laurence, S.},
	title     = {Concepts and Cognitive Science},
  year      = {1999},
  editor    = {Margolis, E. and Laurence, S.},
  booktitle = {Concepts: Core Readings},
  pages     = {3{--}81},
  address   = {Cambridge},
  publisher = {Bradford Books/MIT Press},
  timestamp = {2021.12.16}
}

% done: BH
@TechReport{masolo-c-2003--a,
  author          = {Masolo, Claudio and Borgo, Stefano and Gangemi, Aldo and Guarino, Nicola and Oltramari, Alessandro},
  title           = {{W}onder{W}eb {D}eliverable {D18}: Ontology Library (final)},
  year            = {2003},
  institution     = {Laboratory for Applied Ontology, ISTC-CNR},
  address         = {Trento, Italy},
  timestamp       = {2004.02.10},
}

% done? BH
@InBook{medin-d-1989-179-a,
  author    = {Medin, Douglas L and Ortony, Andrew},
  editor    = {Vosniadou S, Ortony A},
  pages     = {179{--}196},
  publisher = {Cambridge University Press},
  title     = {Psychological essentialism},
  year      = {1989},
  address   = {New York},
  booktitle = {Similarity and analogical reasoning},
  date      = {1989},
}

% done: BH
@PhdThesis{michalek-h-2009--a,
  title                    = {A Formal Ontological Approach to Causality Embedded in the Top-Level Ontology of {GFO} ({G}eneral {F}ormal {O}ntology)},
  author                   = {Michalek, Hannes},
  school                   = {University of Leipzig, Department of Mathematics and Computer Science},
  year                     = {2009},
  address                  = {Leipzig, Germany},
  type                     = {{PhD} Thesis},
  timestamp                = {2009.10.22}
}

% done: BH
@InProceedings{mizoguchi-r-2010-1-a,
  title                    = {Yet Another More Advanced Top-level Ontology},
  author                   = {Mizoguchi, Riichiro},
  booktitle                = {{A}dvances in {O}ntologies: {P}re-{P}roceedings of the 6th {A}ustralasian {O}ntology {W}orkshop, {AOW 2010}, {A}delaide, {A}ustralia, {D}ec 7},
  year                     = {2010},
  address                  = {Pretoria, South Africa},
  editor                   = {Taylor, Kerry and Meyer, Thomas and Orgun, Mehmet},
  publisher                = {Council for Scientific and Industrial Research (CSIR), Meraka Institute},
  timestamp                = {2011.04.13},
}

% done: FL
@Book{needham-p-2017--a,
  author    = {Needham, Paul},
  title     = {Macroscopic Metaphysics: Middle-sized Objects and Longish Processes},
  year      = {2017},
  address   = {Dordrecht},
	publisher = {Springer},
}

% done: FL
@Misc{ontomed--2021--a,
  author       = {Onto-Med},
  title        = {General Formal Ontology [website]},
	howpublished = {\url{http://www.onto-med.de/gfo}},
	year         = {2021},
	timestamp    = {2021.12.13}
}

% done: FL
@Misc{ontomed--2021--b,
  author       = {Onto-Med},
	title        = {Ontologies in Medicine [website]},
  howpublished = {\url{http://www.onto-med.de}},
  year         = {2021},
	timestamp    = {2021.12.13}
}

% done: BH
@Article{poli-r-2001-261-a,
  title                    = {The Basic Problem of the Theory of Levels of Reality},
  author                   = {Poli, Roberto},
  journal                  = {Axiomathes},
  number                   = {3-4},
  pages                    = {261{--}283},
  volume                   = {12},
  year                     = {2001},
  timestamp                = {2021.12.16}
}

% done: FL
@InCollection{rosch-e-1983-73-a,
  author       = {Rosch, E.},
  title        = {Prototype classification and logical classification: The two systems},
  year         = {1983},
  editor       = {Scholnick, E.},
  booktitle    = {New Trends in Cognitive Representation: Challenges to Piaget's Theory},
  pages        = {73{--}86},
  address      = {Hillsdale, New Jersey},
  publisher    = {Lawrence Erlbaum},
  timestamp    = {19.12.2021},
}

% done: BH
@InProceedings{sanfilippo-e-2018--a,
  author    = {Sanfilippo, Emilio M. and Daniele, L. and Colombo, G.},
	title     = {Proceedings of {FOMI}: Formal Ontologies Meet Industry 2017},
  booktitle = {JOWO 2017: Proceedings of the Joint Ontology Workshops 2017, Episode 3: The Tyrolean Autumn of Ontology, Bozen-Bolzano, Italy, Sep 21-23, 2017},
  year      = {2018},
	editor    = {Borgo, Stefano and Kutz, Oliver and Loebe, Frank and Neuhaus, Fabian and {et al.}},
  series    = {CEUR Workshop Proceedings (Vol. 2050)},
  address   = {Aachen, Germany},
	publisher = {CEUR-WS.org},
}

% done: FL
@Book{seibt-j-2003--a,
  title                    = {Process Theories: Crossdisciplinary Studies in Dynamic Categories},
  editor                   = {Seibt, Johanna},
  publisher                = {Kluwer Academic Publishers},
  year                     = {2003},
  address                  = {Dordrecht, The Netherlands},
  timestamp                = {2009.10.05},
}

% done: BH
@InProceedings{siemoleit-s-2017-222-a,
  author    = {Siemoleit, Sebastian},
  booktitle = {GMDS 2017},
  title     = {Processual Reasoning over Sequences of Situations in Endoscopic Surgery},
  year      = {2017},
  address   = {Amsterdam},
  pages     = {222--226},
  publisher = {IOS Press},
  timestamp = {2021.12.16}
}

% done: BH
@Article{smith-b-2007-1251-a,
  title                    = {The {OBO} {F}oundry: coordinated evolution of ontologies to support biomedical data integration},
  author                   = {Smith, Barry and Ashburner, Michael and Rosse, Cornelius and Bard, Jonathan and Bug, William and Ceusters, Werner and Goldberg, Louis J. and Eilbeck, Karen and Ireland, Amelia and Mungall, Christopher J. and {The OBI Consortium} and Leontis, Neocles and Rocca-Serra, Philippe and Ruttenberg, Alan and Sansone, Susanna-Assunta and Scheuermann, Richard H. and Shah, Nigam and Whetzel, Patricia and Lewis, Suzanna},
  journal                  = {Nature Biotechnology},
  number                   = {11},
  pages                    = {1251{--}1255},
  volume                   = {25},
  year                     = {2007},
  doi                      = {10.1038/nbt1346},
  timestamp                = {2007.11.22}
}

% done: BH
@InProceedings{smith-b-2008-21-a,
  title                    = {Ontology (Science)},
  author                   = {Smith, Barry},
  booktitle                = {{F}ormal {O}ntology in {I}nformation {S}ystems: {P}roceedings of the 5th {I}nternational {C}onference, {FOIS 2008}, {S}aarbr{\"u}cken, {G}ermany, {O}ct 31-{N}ov 3},
  year                     = {2008},
  address                  = {Amsterdam},
  editor                   = {Eschenbach, Carola and Gr{\"u}ninger, Michael},
  pages                    = {21{--}35},
  publisher                = {IOS Press},
  series                   = {Frontiers in Artificial Intelligence},
  volume                   = {183},
  doi                      = {10.3233/978-1-58603-923-3-21},
  timestamp                = {2014.11.03}
}

%todo:
@InBook{speaks-j-2021--a,
  editor    = {Zalta EN},
  booktitle = {The Stanford Encyclopedia of Philosophy},
}

% done: FL
@InProceedings{stell-j-2004-261-a,
  author    = {Stell, John G. and West, Matthew},
  booktitle = {Formal Ontology in Information Sysems: Proceedings of the Third International Conference, FOIS 2004, Torino, Italy, Nov 4-6},
  title     = {A Four-Dimensionalist Mereotopology},
  year      = {2004},
  editor    = {Varzi, Achille C. and Vieu, Laure},
  pages     = {261{--}272},
	series    = {Frontiers in Artificial Intelligence and Applications},
	volume    = {114},
  address   = {Amsterdam},
  publisher = {IOS Press},
}


% done: BH, Fl
@InCollection{tahko-t-2020--a,
  author    = {Tahko, Tuomas E. and Lowe, E. Jonathan},
  title     = {Ontological Dependence},
  year      = {2020},
  edition   = {Fall 2020},
  editor    = {Zalta, Edward N.},
  booktitle = {The {S}tanford {E}ncyclopedia of {P}hilosophy},
	url       = {https://plato.stanford.edu/archives/fall2020/entries/dependence-ontological/},
}

% done: BH
@Book{tarski-a-1965--a,
  title                    = {Introduction to logic and to the methodology of deductive sciences},
  author                   = {Tarski, Alfred},
  publisher                = {Oxford University Press},
  year                     = {1965},
  address                  = {New York},
  series                   = {A Galaxy book},
  timestamp                = {2008.11.04},
}

% done: FL
@Misc{teijgeler-h-2021--a,
  author       = {Teijgeler, Hans},
  howpublished = {\url{https://15926.org/topics/ISO15926-consolidating-paper-20210212.pdf}},
  title        = {ISO 15926: The Lingua Franca for Global Interoperability},
  year         = {2021},
  timestamp    = {2021-12-20},
  NOurl          = {https://15926.org/topics/ISO15926-consolidating-paper-20210212.pdf},
}


% done: BH
@Article{uciteli-a-2011-S1-a,
  title                    = {An ontologically founded architecture for information systems in clinical and epidemiological research},
  author                   = {Uciteli, Alexandr and Gro{\ss}, Silvia and Kireyev, Sergej and Herre, Heinrich},
  journal                  = {Journal of Biomedical Semantics},
  number                   = {Suppl 4},
  pages                    = {S1.1{--}22},
  volume                   = {2},
  year                     = {2011},
  doi                      = {10.1186/2041-1480-2-S4-S1},
  timestamp                = {2011.07.08},
}

% done: BH
@Article{uciteli-a-2017-36-a,
  author  = {Uciteli, [},
  journal = {Journal of Biomedical Semantics},
  title   = {Ontology-based specification, identification and analysis of perioperative risks},
  year    = {2017},
  number  = {1},
  pages   = {36},
  volume  = {8},
  timestamp = {2021.12.16}
}

% done: BH
@Article{uciteli-a-2019-9-a,
  author  = {Uciteli, [},
  journal = {Journal of Biomedical Semantics},
  title   = {Ontology-based specification and generation of search queries for post-market surveillance},
  year    = {2019},
  number  = {1},
  pages   = {9},
  volume  = {10},
  timestamp = {2021.12.16}
}

% done: FL
@InProceedings{uciteli-a-2019--a,
  author    = {Uciteli, Alexandr},
  title     = {Ontological Modelling and Reasoning of Phenotypes},
  year      = {2019},
  editor    = {Barton A, Seppälä S, Porello D},
  booktitle = {JOWO 2019 -- Proceedings of the Joint Ontology Workshops 2019, Episode V: The Styrian Autumn of Ontology, Graz, Austria, Sep 23-25},
  series    = {CEUR Workshop Proceedings},
	volume    = {2518},
  publisher = {CEUR-WS.org},
  address   = {Aachen, Germany},
}

%todo: Vorname richtig?
@Article{winter-a-2008-e92-a,
  author  = {Winter, Alfred},
  journal = {Methods of Information in Medicine},
  title   = {Smart medical information technology for healthcare (SMITH)},
  year    = {2008},
  number  = {S 01},
  pages   = {e92--e105},
  volume  = {57},
  timestamp = {2021.12.16},
}

% done: BH
@Article{wood-z-2009-267-a,
  author  = {Wood, Zena and Galton, Antony},
  journal = {Applied Ontology},
  title   = {A Taxonomy of Collective Phenomena},
  year    = {2009},
  number  = {3-4},
  pages   = {267--292},
  volume  = {4},
  timestamp = {2021.12.16},
}

@Comment{jabref-meta: databaseType:bibtex;}
